@inproceedings{emgm,
    author = {Oliveira, Bruno C. D. S. and Hinze, Ralf and L\"{o}h, Andres},
    booktitle = {Trends in Functional Programming},
    editor = {Nilsson, Henrik},
    keywords = {ad-hoc-polymorphism, datatype-generic, emgm, expression-problem, extensibility, generics, haskell, lightweight, modularity, submit-gdiff, type-classes},
    pages = {199--216},
    posted-at = {2008-03-11 14:18:57},
    publisher = {Intellect},
    series = {Trends in Functional Programming},
    title = {{Extensible and Modular Generics for the Masses}},
    url = {http://dblp.uni-trier.de/rec/bibtex/conf/sfp/OliveiraHL06},
    volume = {7},
    year = {2006}
}

@INPROCEEDINGS{Oliveira08scalafor,
    author = {Bruno C. D. S. Oliveira and Jeremy Gibbons},
    title = {Scala for generic programmers},
    booktitle = {ACM SIGPLAN Workshop on Generic Programming},
    year = {2008},
    pages = {25--36}
}

@INPROCEEDINGS{Gibbons_datatype-genericprogramming,
    author = {Jeremy Gibbons},
    title = {Datatype-generic programming},
    booktitle = {Spring School on Datatype-Generic Programming, volume 4719 of Lecture Notes in Computer Science},
    year = {},
    publisher = {Springer-Verlag}
}

@MISC{Gibbons06designpatterns,
    author = {Jeremy Gibbons},
    title = {Design Patterns as Higher-Order Datatype-Generic Programs},
    year = {2006}
}

@inproceedings{rodriguez2008comparing,
  title={Comparing libraries for generic programming in Haskell},
  author={Rodriguez, Alexey and Jeuring, Johan and Jansson, Patrik and Gerdes, Alex and Kiselyov, Oleg and Oliveira, Bruno C d S},
  booktitle={ACM Sigplan Notices},
  volume={44},
  number={2},
  pages={111--122},
  year={2008},
  organization={ACM}
}

@inproceedings{odersky2005scalable,
  title={Scalable component abstractions},
  author={Odersky, Martin and Zenger, Matthias},
  booktitle={ACM Sigplan Notices},
  volume={40},
  number={10},
  pages={41--57},
  year={2005},
  organization={ACM}
}

@misc{odersky2004scala,
  title={The Scala language specification},
  author={Odersky, Martin and Altherr, Philippe and Cremet, Vincent and Emir, Burak and Micheloud, Stphane and Mihaylov, Nikolay and Schinz, Michel and Stenman, Erik and Zenger, Matthias},
  year={2004}
}

@misc{shapeless,
	author={Sabin, Miles},
    title={Shapeless},
    howpublished={\url{https://github.com/milessabin/shapeless}},
    year={2016}
}
 
 @misc{tiobe,
 	title={TIOBE Index},
    howpublished={\url{http://www.tiobe.com/tiobe-index/}},
    year={2017}
}

@misc{pypl,
	title={PYPL PopularitY of Programming Language Index},
    howpublished={\url{http://pypl.github.io/PYPL.html}},
    year={2017}
}

@inproceedings{lammel2005scrap,
  title={Scrap your boilerplate with class: extensible generic functions},
  author={L{\"a}mmel, Ralf and Jones, Simon Peyton},
  booktitle={ACM SIGPLAN Notices},
  volume={40},
  number={9},
  pages={204--215},
  year={2005},
  organization={ACM}
}
